@article{paoletti2018capsule,
    title = {Capsule networks for hyperspectral image classification},
    author = {Paoletti, Mercedes E and Haut, Juan Mario and Fernandez-Beltran, Ruben and Plaza, Javier and Plaza, Antonio and Li, Jun and Pla, Filiberto},
    journal = {IEEE Transactions on Geoscience and Remote Sensing},
    volume = {57},
    number = {4},
    pages = {2145--2160},
    year = {2018},
    publisher = {IEEE}
}

@article{du2013foreword,
    title = {Foreword to the special issue on hyperspectral remote sensing: Theory, methods, and applications},
    author = {Du, Qian and Zhang, Liangpei and Zhang, Bing and Tong, Xiaohua and Du, Peijun and Chanussot, Jocelyn},
    journal = {IEEE journal of selected topics in applied earth observations and remote sensing},
    volume = {6},
    number = {2},
    pages = {459--465},
    year = {2013},
    publisher = {IEEE}
}

@article{bioucas2013hyperspectral,
    title = {Hyperspectral remote sensing data analysis and future challenges},
    author = {Bioucas-Dias, Jos {\'e} M and Plaza, Antonio and Camps-Valls, Gustavo and Scheunders, Paul and Nasrabadi, Nasser and Chanussot, Jocelyn},
    journal = {IEEE Geoscience and remote sensing magazine},
    volume = {1},
    number = {2},
    pages = {6--36},
    year = {2013},
    publisher = {IEEE}
}

@article{shippert2003introduction,
    title = {Introduction to hyperspectral image analysis},
    author = {Shippert, Peg},
    journal = {Online Journal of Space Communication},
    volume = {3},
    number = {2003},
    pages = {13},
    year = {2003}
}

@article{eslami2015developing,
    title = {Developing a spectral-based strategy for urban object detection from airborne hyperspectral TIR and visible data},
    author = {Eslami, Mehrdad and Mohammadzadeh, Ali},
    journal = {IEEE Journal of Selected Topics in Applied Earth Observations and Remote Sensing},
    volume = {9},
    number = {5},
    pages = {1808--1816},
    year = {2015},
    publisher = {IEEE}
}

@article{yan2015urban,
    title = {Urban land cover classification using airborne LiDAR data: A review},
    author = {Yan, Wai Yeung and Shaker, Ahmed and El-Ashmawy, Nagwa},
    journal = {Remote Sensing of Environment},
    volume = {158},
    pages = {295--310},
    year = {2015},
    publisher = {Elsevier}
}

@article{matsuki2015hyperspectral,
    title = {Hyperspectral tree species classification of Japanese complex mixed forest with the aid of LiDAR data},
    author = {Matsuki, Tomohiro and Yokoya, Naoto and Iwasaki, Akira},
    journal = {IEEE Journal of Selected Topics in Applied Earth Observations and Remote Sensing},
    volume = {8},
    number = {5},
    pages = {2177--2187},
    year = {2015},
    publisher = {IEEE}
}

@article{govender2007review,
    title = {A review of hyperspectral remote sensing and its application in vegetation and water resource studies},
    author = {Govender, Megandhren and Chetty, K and Bulcock, Hartley},
    journal = {Water Sa},
    volume = {33},
    number = {2},
    year = {2007},
    publisher = {Water Research Commission (WRC)}
}

@article{wang2018scene,
  title={Scene classification with recurrent attention of VHR remote sensing images},
  author={Wang, Qi and Liu, Shaoteng and Chanussot, Jocelyn and Li, Xuelong},
  journal={IEEE Transactions on Geoscience and Remote Sensing},
  volume={57},
  number={2},
  pages={1155--1167},
  year={2018},
  publisher={IEEE}
}

@article{hu2015deep,
  title={Deep convolutional neural networks for hyperspectral image classification},
  author={Hu, Wei and Huang, Yangyu and Wei, Li and Zhang, Fan and Li, Hengchao},
  journal={Journal of Sensors},
  volume={2015},
  year={2015},
  publisher={Hindawi}
}

@article{sharma2016hyperspectral,
  title={Hyperspectral CNN for image classification \& band selection, with application to face recognition},
  author={Sharma, Vivek and Diba, Ali and Tuytelaars, Tinne and Van Gool, Luc},
  journal={Technical report KUL/ESAT/PSI/1604, KU Leuven, ESAT, Leuven, Belgium},
  year={2016}
}

@article{hamida20183,
  title={3-D deep learning approach for remote sensing image classification},
  author={Hamida, Amina Ben and Benoit, Alexandre and Lambert, Patrick and Amar, Chokri Ben},
  journal={IEEE Transactions on geoscience and remote sensing},
  volume={56},
  number={8},
  pages={4420--4434},
  year={2018},
  publisher={IEEE}
}

@inproceedings{lee2016contextual,
  title={Contextual deep CNN based hyperspectral classification},
  author={Lee, Hyungtae and Kwon, Heesung},
  booktitle={2016 IEEE International Geoscience and Remote Sensing Symposium (IGARSS)},
  pages={3322--3325},
  year={2016},
  organization={IEEE}
}

@article{cao2018hyperspectral,
  title={Hyperspectral image classification with Markov random fields and a convolutional neural network},
  author={Cao, Xiangyong and Zhou, Feng and Xu, Lin and Meng, Deyu and Xu, Zongben and Paisley, John},
  journal={IEEE Transactions on Image Processing},
  volume={27},
  number={5},
  pages={2354--2367},
  year={2018},
  publisher={IEEE}
}

@article{liu2017semi,
  title={A semi-supervised convolutional neural network for hyperspectral image classification},
  author={Liu, Bing and Yu, Xuchu and Zhang, Pengqiang and Tan, Xiong and Yu, Anzhu and Xue, Zhixiang},
  journal={Remote Sensing Letters},
  volume={8},
  number={9},
  pages={839--848},
  year={2017},
  publisher={Taylor \& Francis}
}

@inproceedings{he2017multi,
  title={Multi-scale 3D deep convolutional neural network for hyperspectral image classification},
  author={He, Mingyi and Li, Bo and Chen, Huahui},
  booktitle={2017 IEEE International Conference on Image Processing (ICIP)},
  pages={3904--3908},
  year={2017},
  organization={IEEE}
}