@article{paoletti2018capsule,
  title={Capsule networks for hyperspectral image classification},
  author={Paoletti, Mercedes E and Haut, Juan Mario and Fernandez-Beltran, Ruben and Plaza, Javier and Plaza, Antonio and Li, Jun and Pla, Filiberto},
  journal={IEEE Transactions on Geoscience and Remote Sensing},
  volume={57},
  number={4},
  pages={2145--2160},
  year={2018},
  publisher={IEEE}
}